<?xml version="1.0" encoding="UTF-8"?><collection xmlns="http://www.loc.gov/MARC21/slim"><record><leader>00373nam--2200133-i-4500</leader><controlfield tag="001">000037024</controlfield><controlfield tag="002">20161230</controlfield><controlfield tag="005">20161230201041</controlfield><controlfield tag="008">060222s1000------------r-----000-0-eng-d</controlfield><datafield ind1=" " ind2=" " tag="100"><subfield code="a">Privalov, I.I.Si Galperin, S.A</subfield></datafield><datafield ind1=" " ind2=" " tag="245"><subfield code="a">Bazele analizei infinitezimale. trad.din l.rusa</subfield></datafield><datafield ind1=" " ind2=" " tag="260"><subfield code="a">Bucuresti, Ed.Tehnica, 1951, 237p</subfield></datafield><datafield ind1=" " ind2=" " tag="852"><subfield code="a">580</subfield><subfield code="c">517</subfield></datafield><datafield ind1=" " ind2=" " tag="CAT"><subfield code="a">Sys</subfield><subfield code="c">20080617</subfield><subfield code="h">085453</subfield></datafield></record></collection>